Encoding: ISO-8859-1

@ARTICLE{Narayanan1996,
  author = {Ajit Narayanan and Mark Moore},
  title = {Quantum-inspired genetic algorithms},
  journal = {IEEE International Conference on Evolutionary Computation},
  year = {1996},
  month = {May},
}

@ARTICLE{Han2002,
  author = {Kuk-Hyun Han and Jong-Hwan Kim},
  title = {Quantum-Inspired Evolutionary Algorithm for a Class of Combinatorial Optimization},
  journal = {IEEE Transactions on Evolutionary Computation},
  year = {2002},
  month = {December},
  howpublished = {IEEE Transactions on Evolutionary Computation, IEEE Press, Vol. 6, No. 6, pp. 580-593},
}

@ARTICLE{Han2003,
  author = {Kuk-Hyun Han},
  title = {Quantum-inspired Evolutionary Algorithm},
  journal = {Korea Advanced Institute of Science and Technology (KAIST)},
  year = {2003},
  month = {June},
  howpublished = {Ph.D thesis, Electrical Engineering and Computer Science},
}

@ARTICLE{Han2002_2,
  author = {Kuk-Hyun Han and Jong-Hwan Kim},
  title = {Introduction of Quantum-inspired Evolutionary Algorithm},
  journal = {Proceedings of the 2002 FIRA Robot World Congress},
  year = {2002},
  month = {May},
  howpublished = {Proceedings of the 2002 FIRA Robot World Congress, pp. 243-248},
}

Aplicaciones a la rob√≥tica

@ARTICLE{GwoRuey2009,
  author = {Gwo-Ruey Yu and Lun-Wei Huang},
  title = {Design of LMI-Based Fuzzy Controller for Robot Arm Using Quantum Evolutionary Algorithms},
  year = {2009},
  journal = {Fourth International Conference on Innovative Computing, Information and Control},
}

@ARTICLE{Park2012,
  author = {In-Won Park, Ki-Baek Lee and Jong-Hwan Kim},
  title = {Multi-objective Evolutionary Algorithm-based Optimal Posture Control of Humanoid Robots},
  journal = {WCCI 2012 IEEE World Congress on Computational Intelligence},
  year = {2012},
  month = {June},
}

@ARTICLE{YeHoon2009,
  author = {Ye-Hoon Kim and Jong-Hwan Kim},
  title = {Multiobjective Quantum-inspired Evolutionary Algorithm for Fuzzy Path Planning of Mobile Robot},
  journal = {IEEE},
  year = {2009},
}

@ARTICLE{Yangguang2010,
  author = {Yangguang Sun and Mingyue Ding},
  title = {Quantum Genetic Algorithm for Mobile Robot Path Planning},
  journal = {Fourth International Conference on Genetic and Evolutionary Computing},
  year = {2010},
}

@ARTICLE{Shen2013,
  author = {SHEN Xiaoning},
  title = {A Quantum Evolutionary Algorithm for Robot Path Planning in Dynamic Environment},
  journal = {Proceedings of the 32nd Chinese Control Conference},
  year = {2013},
  month = {July},
}

@ARTICLE{SiJung,
  author = {Si-Jung Ryu, Jong-Hwan Kim and Ki-Baek Lee},
  title = {DMQEA: Dual Multiobjective Quantum-inspired Evolutionary Algorithm},
}

@ARTICLE{DeokHwa,
  author = {Deok-Hwa Kim, Yong-Ho Yoo, Si-Jung Ryu, Woo-Young Go, and Jong-Hwan Kim},
  title = {Automatic Color Detection for MiroSOT Using Quantum-inspired Evolutionary Algorithm},
}

@ARTICLE{Zhiyong2009,
  author = {Zhiyong Li, Bo Xu, Lei Yang, Jun Chen and Kenli Li},
  title = {Quantum Evolutionary Algorithm for Multi-Robot Coalition Formation},
  journal = {ACM},
  year = {2009},
  month = {June},
}


@Comment @ARTICLE{NameYEAR,
@Comment   author = {},
@Comment   title = {},
@Comment   journal = {},
@Comment   year = {},
@Comment   month = {},
@Comment   howpublished = {},
@Comment }
